<collection xmlns="http://www.loc.gov/MARC21/slim">
<record>
  <leader>01708nam0a2200277 i 450 </leader>
  <controlfield tag="001">IT\ICCU\CNCE\061298</controlfield>
  <controlfield tag="005">20130906000000.0</controlfield>
  <datafield tag="012" ind1=" " ind2=" ">
    <subfield code="a">mae* reen sabi sciu (3) 1540 (R)</subfield>
    <subfield code="2">fei</subfield>
    <subfield code="9">1</subfield>
  </datafield>
  <datafield tag="012" ind1=" " ind2=" ">
    <subfield code="a">3.m. m.0. ro0. Didi (3) 1540 (R)</subfield>
    <subfield code="2">fei</subfield>
    <subfield code="9">2</subfield>
  </datafield>
  <datafield tag="100" ind1=" " ind2=" ">
    <subfield code="a">20050916d1540        0itac0103    ba</subfield>
  </datafield>
  <datafield tag="101" ind1=" " ind2=" ">
    <subfield code="a">LAT</subfield>
  </datafield>
  <datafield tag="102" ind1=" " ind2=" ">
    <subfield code="a">IT</subfield>
  </datafield>
  <datafield tag="200" ind1="1" ind2=" ">
    <subfield code="a">Tractatus de ordine iudiciorum excellentiss. i.v.d. domini Roberti Marrante Venusini: intitulatus Speculum aureum &amp; lumen aduocatorum. Opus solemne &amp; omnibus valde vtile, maxime regnicolis iudicibus &amp; aduocatis, diligenti adhibita cura nunc primum impressus, summarijs &amp; alphabetico Repertorio decoratus</subfield>
  </datafield>
  <datafield tag="210" ind1=" " ind2=" ">
    <subfield code="a">\Venezia</subfield>
    <subfield code="c">Battista Torti!</subfield>
    <subfield code="d">1540</subfield>
    <subfield code="e">\Venezia!</subfield>
    <subfield code="g">ex impressione Baptista \!! de Tortis</subfield>
  </datafield>
  <datafield tag="215" ind1=" " ind2=" ">
    <subfield code="a">2 pt.</subfield>
    <subfield code="d">fol</subfield>
  </datafield>
  <datafield tag="300" ind1=" " ind2=" ">
    <subfield code="a">2: Repertorium omnium decisionum &amp; dictorum huius aurei speculi miro ordine per alphabetum compositum sub signo numeri per eundem dominum Robertum Marantam Venusinum v.i.d. feliciter incipit. \Venezia : Battista Torti!, 1540</subfield>
  </datafield>
  <datafield tag="423" ind1=" " ind2="0">
    <subfield code="1">001IT\ICCU\CNCE\062077</subfield>
    <subfield code="1">2001 </subfield>
    <subfield code="a">Repertorium omnium decisionum &amp; dictorum huius aurei Speculi ...</subfield>
  </datafield>
  <datafield tag="620" ind1=" " ind2=" ">
    <subfield code="a">IT</subfield>
    <subfield code="d">Venezia</subfield>
  </datafield>
  <datafield tag="700" ind1=" " ind2="1">
    <subfield code="a">Maranta,</subfield>
    <subfield code="b">Roberto</subfield>
    <subfield code="3">IT\ICCU\CNCA\006538</subfield>
  </datafield>
  <datafield tag="712" ind1="0" ind2="0">
    <subfield code="a">Torti, Battista</subfield>
    <subfield code="3">IT\ICCU\CNCT\000101</subfield>
    <subfield code="4">650</subfield>
  </datafield>
  <datafield tag="791" ind1="0" ind2="0">
    <subfield code="a">De_Tortis, Baptista</subfield>
    <subfield code="3">IT\ICCU\CNCT\004133</subfield>
    <subfield code="z">Torti, Battista</subfield>
  </datafield>
  <datafield tag="791" ind1="0" ind2="0">
    <subfield code="a">Tortis, Baptista de</subfield>
    <subfield code="3">IT\ICCU\CNCT\005592</subfield>
    <subfield code="z">Torti, Battista</subfield>
  </datafield>
  <datafield tag="801" ind1=" " ind2="3">
    <subfield code="a">IT</subfield>
    <subfield code="b">ICCU</subfield>
    <subfield code="c">20201115</subfield>
  </datafield>
  <datafield tag="899" ind1=" " ind2=" ">
    <subfield code="a">Biblioteca  Panizzi. Reggio Emilia</subfield>
    <subfield code="1">RE0052</subfield>
    <subfield code="2">RE2 PA</subfield>
  </datafield>
  <datafield tag="911" ind1=" " ind2=" ">
    <subfield code="a">Sui front.</subfield>
    <subfield code="9">IT\ICCU\CNCM\000753</subfield>
  </datafield>
  <datafield tag="921" ind1=" " ind2=" ">
    <subfield code="a">IT\ICCU\CNCM\000753</subfield>
    <subfield code="b">Cerchio con croce doppia e iniziali B.T. Nella cornice del frontespizio.</subfield>
    <subfield code="c">K323</subfield>
    <subfield code="c">Z279</subfield>
    <subfield code="d">Dimensioni: 2,3 x 2,9</subfield>
    <subfield code="f">CERCHIO</subfield>
    <subfield code="f">CROCE</subfield>
    <subfield code="f">B.T.</subfield>
    <subfield code="g">1521-1541</subfield>
  </datafield>
</record>
</collection>
